@Book{stinson,
 Author = {Stinson, Douglas Robert and Paterson, Maura B.},
 Title = {Cryptography: theory and practice},
 Edition = {4th edition},
 FSeries = {Textbooks in Mathematics},
 Series = {Textb. Math.},
 ISBN = {978-1-138-19701-5},
 Year = {2019},
 Publisher = {Boca Raton, FL: CRC Press},
 Language = {English},
 Keywords = {94-01,94A60,94A62,81P94},
 zbMATH = {6600990},
 Zbl = {1480.94003}
}

@Book{washington,
 Author = {Washington, Lawrence C.},
 Title = {Elliptic curves. {Number} theory and cryptography},
 Edition = {2nd ed.},
 ISBN = {978-1-4200-7146-7},
 Year = {2008},
 Publisher = {Boca Raton, FL: Chapman {and} Hall/CRC},
 Language = {English},
 Keywords = {11G20,11G05,11-01,14G50,94A60,11T71,11G50,14G10},
 zbMATH = {5265463},
 Zbl = {1200.11043}
}

@TECHREPORT{ECDSA,
    author = {Don Johnson and Alfred Menezes},
    title = {The Elliptic Curve Digital Signature Algorithm (ECDSA)},
    institution = {},
    year = {1999}
}

@Article{lehman,
 Author = {Lehman, Sherman R.},
 Title = {Factoring large integers},
 FJournal = {Mathematics of Computation},
 Journal = {Math. Comput.},
 ISSN = {0025-5718},
 Volume = {28},
 Pages = {637--646},
 Year = {1974},
 Language = {English},
 DOI = {10.2307/2005940},
 Keywords = {11A41,11-04},
 zbMATH = {3446972},
 Zbl = {0285.10006}
}
